% This file was created with JabRef 2.10.
% Encoding: ISO8859_1


@Article{allsop2018corticoamygdala,
  Title                    = {Corticoamygdala Transfer of Socially Derived Information Gates Observational Learning},
  Author                   = {Allsop, Stephen A and Wichmann, Romy and Mills, Fergil and Burgos-Robles, Anthony and Chang, Chia-Jung and Felix-Ortiz, Ada C and Vienne, Alienor and Beyeler, Anna and Izadmehr, Ehsan M and Glober, Gordon and others},
  Journal                  = {Cell},
  Year                     = {2018},
  Number                   = {6},
  Pages                    = {1329--1342},
  Volume                   = {173},

  Publisher                = {Elsevier}
}

@Article{andrieu2010particle,
  Title                    = {Particle Markov Chain Monte Carlo Methods},
  Author                   = {Andrieu, Christophe and Doucet, Arnaud and Holenstein, Roman},
  Journal                  = {Journal of the Royal Statistical Society: Series B (Statistical Methodology)},
  Year                     = {2010},
  Number                   = {3},
  Pages                    = {269--342},
  Volume                   = {72},

  Owner                    = {demba},
  Publisher                = {Wiley Online Library},
  Timestamp                = {2018.09.26}
}

@Article{brown2004multiple,
  Title                    = {Multiple neural spike train data analysis: state-of-the-art and future challenges},
  Author                   = {Brown, Emery N and Kass, Robert E and Mitra, Partha P},
  Journal                  = {Nature neuroscience},
  Year                     = {2004},
  Number                   = {5},
  Pages                    = {456},
  Volume                   = {7},

  Publisher                = {Nature Publishing Group}
}

@Article{caron2008bayesian,
  Title                    = {Bayesian inference for linear dynamic models with Dirichlet process mixtures},
  Author                   = {Caron, Francois and Davy, Manuel and Doucet, Arnaud and Duflos, Emmanuel and Vanheeghe, Philippe},
  Journal                  = {IEEE Transactions on Signal Processing},
  Year                     = {2008},
  Number                   = {1},
  Pages                    = {71--84},
  Volume                   = {56},

  Publisher                = {IEEE}
}

@Article{chiappa2007dirichlet,
  Title                    = {Dirichlet mixtures of Bayesian linear Gaussian state-space models: a variational approach},
  Author                   = {Chiappa, Silvia and Barber, David},
  Journal                  = {Technical Report no. 161},
  Year                     = {2007}
}

@InProceedings{chiappa2007output,
  Title                    = {Output Grouping using Dirichlet Mixtures of Linear Gaussian State-Space Models},
  Author                   = {Chiappa, Silvia and Barber, David},
  Booktitle                = {Image and Signal Processing and Analysis, 2007. ISPA 2007. 5th International Symposium on},
  Year                     = {2007},
  Organization             = {IEEE},
  Pages                    = {446--451}
}

@Article{chopin2013smc2,
  Title                    = {SMC2: an efficient algorithm for sequential analysis of state space models},
  Author                   = {Chopin, Nicolas and Jacob, Pierre E and Papaspiliopoulos, Omiros},
  Journal                  = {Journal of the Royal Statistical Society: Series B (Statistical Methodology)},
  Year                     = {2013},
  Number                   = {3},
  Pages                    = {397--426},
  Volume                   = {75},

  Owner                    = {demba},
  Publisher                = {Wiley Online Library},
  Timestamp                = {2017.06.19}
}

@Article{dahl2006model,
  Title                    = {Model-based clustering for expression data via a Dirichlet process mixture model},
  Author                   = {Dahl, David B},
  Journal                  = {Bayesian inference for gene expression and proteomics},
  Year                     = {2006},
  Pages                    = {218},
  Volume                   = {201},

  Publisher                = {Cambridge University Press Cambridge}
}

@Article{del2006sequential,
  Title                    = {Sequential monte carlo samplers},
  Author                   = {Del Moral, Pierre and Doucet, Arnaud and Jasra, Ajay},
  Journal                  = {Journal of the Royal Statistical Society: Series B (Statistical Methodology)},
  Year                     = {2006},
  Number                   = {3},
  Pages                    = {411--436},
  Volume                   = {68},

  Owner                    = {demba},
  Publisher                = {Wiley Online Library},
  Timestamp                = {2018.09.26}
}

@InCollection{doucet2001introduction,
  Title                    = {An introduction to sequential Monte Carlo methods},
  Author                   = {Doucet, Arnaud and De Freitas, Nando and Gordon, Neil},
  Booktitle                = {Sequential Monte Carlo methods in practice},
  Publisher                = {Springer},
  Year                     = {2001},
  Pages                    = {3--14}
}

@InProceedings{doucet2000rao,
  Title                    = {Rao-Blackwellised particle filtering for dynamic Bayesian networks},
  Author                   = {Doucet, Arnaud and De Freitas, Nando and Murphy, Kevin and Russell, Stuart},
  Booktitle                = {Proceedings of the Sixteenth conference on Uncertainty in artificial intelligence},
  Year                     = {2000},
  Organization             = {Morgan Kaufmann Publishers Inc.},
  Pages                    = {176--183},

  Owner                    = {demba},
  Timestamp                = {2018.09.26}
}

@Article{ferguson1973bayesian,
  Title                    = {A Bayesian analysis of some nonparametric problems},
  Author                   = {Ferguson, Thomas S},
  Journal                  = {The annals of statistics},
  Year                     = {1973},
  Pages                    = {209--230},

  Publisher                = {JSTOR}
}

@Article{heng2017controlled,
  Title                    = {Controlled Sequential Monte Carlo},
  Author                   = {Heng, Jeremy and Bishop, Adrian N and Deligiannidis, George and Doucet, Arnaud},
  Journal                  = {arXiv preprint arXiv:1708.08396},
  Year                     = {2017},

  Owner                    = {demba},
  Timestamp                = {2018.09.26}
}

@Article{heng2017unbiased,
  Title                    = {Unbiased Hamiltonian Monte Carlo with couplings},
  Author                   = {Heng, Jeremy and Jacob, Pierre E},
  Journal                  = {arXiv preprint arXiv:1709.00404},
  Year                     = {2017}
}

@Article{inoue2006cluster,
  Title                    = {Cluster-based network model for time-course gene expression data},
  Author                   = {Inoue, Lurdes YT and Neira, Mauricio and Nelson, Colleen and Gleave, Martin and Etzioni, Ruth},
  Journal                  = {Biostatistics},
  Year                     = {2006},
  Number                   = {3},
  Pages                    = {507--525},
  Volume                   = {8},

  Publisher                = {Oxford University Press}
}

@MastersThesis{middleton2014,
  Title                    = {Clustering time series: a Dirichlet process mixture
of linear-Gaussian state-space models},
  Author                   = {Lawrence Middleton},
  School                   = {Oxford University},
  Year                     = {2014},

  Address                  = {United Kingdom}
}

@Article{neal2000markov,
  Title                    = {Markov chain sampling methods for Dirichlet process mixture models},
  Author                   = {Neal, Radford M},
  Journal                  = {Journal of computational and graphical statistics},
  Year                     = {2000},
  Number                   = {2},
  Pages                    = {249--265},
  Volume                   = {9},

  Publisher                = {Taylor \& Francis}
}

@Article{nieto2014bayesian,
  Title                    = {A Bayesian nonparametric approach for time series clustering},
  Author                   = {Nieto-Barajas, Luis E and Contreras-Crist{\'a}n, Alberto and others},
  Journal                  = {Bayesian Analysis},
  Year                     = {2014},
  Number                   = {1},
  Pages                    = {147--170},
  Volume                   = {9},

  Publisher                = {International Society for Bayesian Analysis}
}

@Article{rajdev2013unified,
  Title                    = {A unified mathematical model to quantify performance impairment for both chronic sleep restriction and total sleep deprivation},
  Author                   = {Rajdev, Pooja and Thorsley, David and Rajaraman, Srinivasan and Rupp, Tracy L and Wesensten, Nancy J and Balkin, Thomas J and Reifman, Jaques},
  Journal                  = {Journal of theoretical biology},
  Year                     = {2013},
  Pages                    = {66--77},
  Volume                   = {331},

  Publisher                = {Elsevier}
}

@InProceedings{saad2018temporally,
  Title                    = {Temporally-Reweighted Chinese Restaurant Process Mixtures for Clustering, Imputing, and Forecasting Multivariate Time Series},
  Author                   = {Saad, Feras and Mansinghka, Vikash},
  Booktitle                = {International Conference on Artificial Intelligence and Statistics},
  Year                     = {2018},
  Pages                    = {755--764}
}

@Article{smith2003estimating,
  Title                    = {Estimating a state-space model from point process observations},
  Author                   = {Smith, Anne C and Brown, Emery N},
  Journal                  = {Neural computation},
  Year                     = {2003},
  Number                   = {5},
  Pages                    = {965--991},
  Volume                   = {15},

  Publisher                = {MIT Press}
}

@Article{st2017modeling,
  Title                    = {Modeling neurocognitive decline and recovery during repeated cycles of extended sleep and chronic sleep deficiency},
  Author                   = {St Hilaire, Melissa A and R{\"u}ger, Melanie and Fratelli, Federico and Hull, Joseph T and Phillips, Andrew JK and Lockley, Steven W},
  Journal                  = {Sleep},
  Year                     = {2017},
  Number                   = {1},
  Volume                   = {40},

  Publisher                = {Oxford University Press}
}

@Book{vere2003introduction,
  Title                    = {An Introduction to the Theory of Point Processes: Volume I: Elementary Theory and Methods},
  Author                   = {Vere-Jones, David},
  Publisher                = {Springer},
  Year                     = {2003}
}

@Article{whiteley2014twisted,
  Title                    = {Twisted particle filters},
  Author                   = {Whiteley, Nick and Lee, Anthony and others},
  Journal                  = {The Annals of Statistics},
  Year                     = {2014},
  Number                   = {1},
  Pages                    = {115--141},
  Volume                   = {42},

  Publisher                = {Institute of Mathematical Statistics}
  

}

@Article{guarniero2017iterated,
  title={The iterated auxiliary particle filter},
  author={Guarniero, Pieralberto and Johansen, Adam M and Lee, Anthony},
  journal={Journal of the American Statistical Association},
  volume={112},
  number={520},
  pages={1636--1647},
  year={2017},
  publisher={Taylor \& Francis}
}

@book{durbin2012time,
  title={Time series analysis by state space methods},
  author={Durbin, James and Koopman, Siem Jan},
  volume={38},
  year={2012},
  publisher={Oxford University Press}
}

@article{humphries2011spike,
  title={Spike-train communities: finding groups of similar spike trains},
  author={Humphries, Mark D},
  journal={Journal of Neuroscience},
  volume={31},
  number={6},
  pages={2321--2336},
  year={2011},
  publisher={Soc Neuroscience}
}

@article{bauwens2007bayesian,
  title={Bayesian clustering of many GARCH models},
  author={Bauwens, Luc and Rombouts, JVK},
  journal={Econometric Reviews},
  volume={26},
  number={2-4},
  pages={365--386},
  year={2007},
  publisher={Taylor \& Francis}
}

@article{roick2019clustering,
  title={Clustering Discrete Valued Time Series},
  author={Roick, Tyler and Karlis, Dimitris and McNicholas, Paul D},
  journal={arXiv preprint arXiv:1901.09249},
  year={2019}
}

